<record><leader>00000cas a22000007a 4500</leader><controlfield tag="001">14192507</controlfield><controlfield tag="008">860908d18901890mtudn ne      0    0eng d</controlfield><datafield ind1=" " ind2=" " tag="010"><subfield code="a">sn 86075318 </subfield></datafield><datafield ind1=" " ind2=" " tag="040"><subfield code="a">MTL</subfield><subfield code="b">eng</subfield><subfield code="c">MTL</subfield><subfield code="d">OCLCQ</subfield></datafield><datafield ind1=" " ind2=" " tag="042"><subfield code="a">msc</subfield></datafield><datafield ind1="0" ind2="4" tag="082"><subfield code="a">071.86/85</subfield><subfield code="2">19</subfield></datafield><datafield ind1="0" ind2="0" tag="245"><subfield code="a">Missoula daily gazette.</subfield></datafield><datafield ind1=" " ind2=" " tag="260"><subfield code="a">Missoula, Mont. :</subfield><subfield code="b">Missoula Pub. Co.,</subfield><subfield code="c">1890.</subfield></datafield><datafield ind1=" " ind2=" " tag="300"><subfield code="a">1 v. :</subfield><subfield code="b">ill.</subfield></datafield><datafield ind1=" " ind2=" " tag="310"><subfield code="a">Daily (except Sun.)</subfield></datafield><datafield ind1="0" ind2=" " tag="362"><subfield code="a">Vol. 1, no. 1 (Feb. 10, 1890)-v. 1, no. 37 (Mar. 24, 1890).</subfield></datafield><datafield ind1=" " ind2=" " tag="752"><subfield code="a">United States</subfield><subfield code="b">Montana</subfield><subfield code="c">Missoula</subfield><subfield code="d">Missoula.</subfield></datafield><datafield ind1="0" ind2="0" tag="785"><subfield code="t">Missoula gazette (Missoula, Mont. : Daily)</subfield><subfield code="w">(DLC)sn 86075317</subfield></datafield><datafield ind1="1" ind2=" " tag="029"><subfield code="a">AU@</subfield><subfield code="b">000027393733</subfield></datafield></record>